@article{Balsamo:TCAD16,
    Author = {Domenico Balsamo and Alex S. Weddell and Anup Das and Alberto Rodriguez Arreola and Davide Brunelli and Bashir M. Al-Hashimi and Geoff V. Merrett and Luca Benini},
    Journal = {Transactions on Computer-Aided Design of Integrated Circuits and Systems},
    Title = {Hibernus++: A Self-Calibrating and Adaptive System for Transiently-Powered Embedded Devices},
    Volume = {35},
    Number = {12},
    Pages = {1968 - 1980},
    Year = {2016}}

@article{Diffey:PMB91,
    Author = {B. Diffey},
    Journal = {Physics in Medicine and Biology},
    Title = {Solar ultraviolet radiation effects on biological systems},
    Volume = {36},
    Number = {3},
    Pages = {299 - 328},
    Year = {1991}}

@article{Rajakumar:AJPH07,
    Author = {K. Rajakumar and S. Greenspan and S. Thomas and M. Holick},
    Journal = {American Journal of Public Health},
    Title = {Solar ultraviolet and radiation and vitamin D: a historical perspective},
    Volume = {97},
    Pages = {1746 - 1754},
    Year = {2007}}

@article{Matsumura:TAP04,
    Author = {Y. Matsumura and H. Ananthaswamy},
    Journal = {Toxicology and Applied Pharmacology},
    Title = {Toxic effects of ultraviolet radiation on the skin},
    Volume = {195},
    Pages = {298 - 308},
    Year = {2004}}

@article{Diffey:CPPM91,
    Author = {B. Diffey and P. Farr},
    Journal = {Clinical Physics and Physiological Measurement},
    Title = {Quantitative aspects of ultraviolet erythema},
    Volume = {12},
    Pages = {311 - 325},
    Year = {1991}}

@article{Diffey:BJD84,
    Author = {B. Diffey and R. Oliver and P. Farr},
    Journal = {British Journal of Dermatology},
    Title = {A portable instrument for quantifying erythema induced by ultraviolet radiation},
    Volume = {111},
    Number = {6},
    Pages = {663 - 672},
    Year = {1984}}

@article{Harrison:Method02,
    Author = {G. Harrison and A. Young},
    Journal = {Methods},
    Title = {Ultraviolet radiation-induced erythema in human skin},
    Volume = {28},
    Number = {1},
    Pages = {14 - 19},
    Year = {2002}}

@article{Kelly:JEM00,
    Author = {D. Kellya and A. Young and J. McGregora and P. Seed and C. Potten and S. Walker},
    Journal = {Journal of Experimental Medicine},
    Title = {Sensitivity to Sunburn Is Associated with Susceptibility to Ultraviolet Radiation–Induced Suppression of Cutaneous Cell–Mediated Immunity},
    Volume = {191},
    Number = {3},
    Pages = {561 - 566},
    Year = {2000}}

@article{Lavker:JAAD95,
    Author = {R. Lavker and G. Gerberick and D. Veres and C. Irwin and K. Kaidbey},
    Journal = {Journal of the American Academy of Dermatology},
    Title = {Cumulative effects from repeated exposures to suberythemal doses of UVB and UVA in human skin},
    Volume = {32},
    Number = {1},
    Pages = {53 - 62},
    Year = {1995}}

@article{Young:JID98,
    Author = {A. Young and C. Chadwick and G. Harrison and O. Nikaido and J. Ramsden and C. Potten},
    Journal = {Journal of Investigative dermatology},
    Title = {The Similarity of Action Spectra for Thymine Dimers in Human Epidermis and Erythema Suggests that DNA is the Chromophore for Erythema},
    Volume = {111},
    Pages = {982 - 988},
    Year = {1998}}

@article{Diffey:PHPP97,
    Author = {B. Diffey and C. Jansen and F. Urbach and H. Wulf},
    Journal = {Photodermatology, Photoimmunology \& Photomedicine},
    Title = {The standard erythema dose: a new photobiological concept},
    Volume = {13},
    Pages = {64 - 66},
    Year = {1997}}

@article{Arbabi:JID83,
    Author = {L. Arbabi and R. Gange and J. Parrish},
    Journal = {Journal of Investigative Dermatology},
    Title = {Recovery of skin from a single suberythemal dose of ultraviolet radiation},
    Volume = {81},
    Number = {1},
    Pages = {78 - 82},
    Year = {1983}}

@article{Heydenreich:PP05,
    Author = {J. Heydenreich and H. Wulf},
    Journal = {Photochemistry and Photobiology},
    Title = {Miniature Personal Electronic UVR Dosimeter with Erythema Response and Time-stamped Readings in a Wristwatch},
    Volume = {81},
    Number = {5},
    Pages = {1138-1144},
    Year = {2005}}

@inproceedings{Allen:UV10,
	Author = {M. Allen, and R. McKenzie},
	Booktitle = {National Institute of Water and Atmospheric Research UV workshop},
	Title = {Electronic UV Dosimeters for Research and Education},
	Year = {2010}}

@inproceedings{Fahs:ICM13,
	Author = {B. Fahs and L. Mazraa and A. Hage-Diab and A. Harb},
	Booktitle = {Proceedings of International Conference on Microelectronics},
	Title = {A compact and power efficient UV dosimeter design},
	Year = {2013}}

@inproceedings{Wang:ASPDAC14,
	Author = {C. Wang and N. Chang and Y. Kim and S. Park and Y. Liu and H. Lee and R. Luo and H. Yang},
	Booktitle = {Proceedings of Asia-South Pacific Design Automation Conference},
	Title = {Storage-less and converter-less maximum power point tracking of photovoltaic cells for a nonvolatile microprocessor},
	Year = {2014}}

@inproceedings{Lee:ASPDAC15,
	Author = {H. Lee and N. Chang},
	Booktitle = {Proceedings of Asia-South Pacific Design Automation Conference},
Title = {Powering the {IoT}: Storage-Less and Converter- Less Energy Harvesting},
	Year = {2015}}

@book{Diffey:AP,
	Author = {B. L. Diffey},
	Publisher = {Academic Press},
	Title = {Radiation Measurement in Photobiology},
	Year = {1989}}


@misc{NCI,
	Howpublished = {National Cencer Institute, \url{http://seer.cancer.gov}}}

@misc{UVCal11,
	Howpublished = {Calculated Ultraviolet Exposure Levels for a Healthy Vitamin D Status and no sunburn, Norwegian Institute for Air Research, 2011.}}

@misc{CIE,
	Howpublished = {International Commission on Illumination, \url{http://www.cie.co.at}}}

@misc{Lapis,
Howpublished = {Lapis Semiconductor, UV sensor 8511, \url{http://www.lapis-semi.com/en/semicon/sensor/ml8511.html}}}

@misc{CRUK,
Howpublished = {Cancer Research UK, \url{http://www.cancerresearchuk.org}}}


%% UV meters
@misc{Netatmo,
Howpublished = {Netatmo, June, \url{https://www.wareable.com/wearable-tech/netatmo-june-review-1176}}}

@misc{Ultra,
Howpublished = {Ultra Incorporation, Violet, \url{http://www.liveultrahealthy.com/index.html}}}

@misc{Oregon,
Howpublished = {Oregon Scientific Global Distribution Limited, EB612, \url{http://global.oregonscientific.com}}}

@misc{Minox,
Howpublished = {Minox GmbH, Suntimer, \url{http://www.minox.com/index.php?L=1}}}

@misc{LOreal,
Howpublished = {L’Oreal, The First Battery-Free Wearable Electronic UV Sensor, \url{http://www.lorealusa.com/media/press-releases/2018/january/uv-sense}}}

@misc{Stressnomore,
Howpublished = {Savantini Limited Registered Company, Davita SunCounter UV Monitor, \url{http://www.stressnomore.co.uk}}}


%% Conferences


%% Journals


